@article{gerginova2022optical,
  author       = {D. Gerginova and V. Kurteva and S. Simova},
  title        = {Optical Rotationâ€”A Reliable Parameter for Authentication of Honey?},
  journal      = {Molecules},
  volume       = {27},
  number       = {24},
  year         = {2022},
  month        = jan,
  articleno    = {8916},
  doi          = {10.3390/molecules27248916}
}